@misc{rstudio.shiny.2014;
  author={RStudio},
  year={2014},
  title={{Building Shiny Server from Source}},
  url={{\url{https://github.com/rstudio/shiny-server/wiki/Building-Shiny-Server-from-Source}}}
}
@misc{cdh.hadoop.2013;
	author={Cloudera},
	year={2013},
	title={{CDH3 Deployment on a Cluster}},
	url={{\url{http://www.cloudera.com/content/cloudera/en/documentation/archives/cdh3/v3u6/CDH3-Installation-Guide/cdh3ig_topic_9_2.html}}}
}
@misc{noll.singlehadoopcluster.2011,
	author={Noll,Michael},
	year={2011},
	title={{Running Hadoop on Ubuntu Linux (Single-Node Cluster)}},
	url={{\url{http://www.michael-noll.com/tutorials/running-hadoop-on-ubuntu-linux-single-node-cluster/}}}
}

@misc{noll.multihadoopcluster.2011,
	author={Noll,Michael},
	year={2011},
	title={{Running Hadoop on Ubuntu Linux (Single-Node Cluster)}},
	url={{\url{http://www.michael-noll.com/tutorials/running-hadoop-on-ubuntu-linux-multi-node-cluster/}}}
}
